<record><leader>00000cas a2200000 a 4500</leader><controlfield tag="001">8881967</controlfield><controlfield tag="007">hd afv---baca</controlfield><controlfield tag="007">hd bfv---baaa</controlfield><controlfield tag="007">hd bfv---baba</controlfield><controlfield tag="008">821021d18661938nyuwr n a     0    0eng c</controlfield><datafield ind1=" " ind2=" " tag="010"><subfield code="a">sn 77020670 </subfield></datafield><datafield ind1=" " ind2=" " tag="040"><subfield code="a">NYG</subfield><subfield code="b">eng</subfield><subfield code="c">NYG</subfield><subfield code="d">NYS</subfield><subfield code="d">ATL</subfield><subfield code="d">DLC</subfield><subfield code="d">OCLCQ</subfield><subfield code="d">OCLCF</subfield><subfield code="d">OCLCO</subfield><subfield code="d">OCLCA</subfield><subfield code="d">OCLCO</subfield><subfield code="d">OCLCQ</subfield></datafield><datafield ind1=" " ind2=" " tag="042"><subfield code="a">pcc</subfield></datafield><datafield ind1=" " ind2=" " tag="043"><subfield code="a">n-us---</subfield></datafield><datafield ind1="1" ind2="4" tag="050"><subfield code="a">BX8201</subfield></datafield><datafield ind1="0" ind2="4" tag="082"><subfield code="a">205</subfield><subfield code="b">C55b</subfield></datafield><datafield ind1="0" ind2=" " tag="130"><subfield code="a">Christian advocate (New York, N.Y. : 1866)</subfield></datafield><datafield ind1="1" ind2="4" tag="245"><subfield code="a">The Christian advocate.</subfield></datafield><datafield ind1="1" ind2="3" tag="246"><subfield code="a">Christian advocate and journal</subfield></datafield><datafield ind1=" " ind2=" " tag="260"><subfield code="a">New York :</subfield><subfield code="b">T. Carlton &amp; J. Porter,</subfield><subfield code="c">1866-1938.</subfield></datafield><datafield ind1=" " ind2=" " tag="300"><subfield code="a">73 volumes</subfield></datafield><datafield ind1=" " ind2=" " tag="310"><subfield code="a">Weekly</subfield></datafield><datafield ind1=" " ind2=" " tag="336"><subfield code="a">text</subfield><subfield code="b">txt</subfield><subfield code="2">rdacontent</subfield></datafield><datafield ind1=" " ind2=" " tag="337"><subfield code="a">microform</subfield><subfield code="b">h</subfield><subfield code="2">rdamedia</subfield></datafield><datafield ind1=" " ind2=" " tag="338"><subfield code="a">microfilm reel</subfield><subfield code="b">hd</subfield><subfield code="2">rdacarrier</subfield></datafield><datafield ind1="0" ind2=" " tag="362"><subfield code="a">Vol. 41, no. 1 (Jan. 4, 1866)-v. 113, no. 6 (Feb. 10, 1938).</subfield></datafield><datafield ind1=" " ind2=" " tag="515"><subfield code="a">Issues for Jan. 4, 1866-Dec. 28, 1916 called also no. 2053-whole no. 4713.</subfield></datafield><datafield ind1=" " ind2=" " tag="525"><subfield code="a">Supplements accompany some issues.</subfield></datafield><datafield ind1=" " ind2=" " tag="550"><subfield code="a">Organ of: Methodist Episcopal Church.</subfield></datafield><datafield ind1=" " ind2=" " tag="533"><subfield code="a">Microfilm.</subfield><subfield code="m">v.41-113 (1866-1938)</subfield><subfield code="b">Evanston, Ill. :</subfield><subfield code="c">American Theological Library Association,</subfield><subfield code="d">1958.</subfield><subfield code="e">100 microfilm reels ; 35 mm.</subfield><subfield code="f">(ATLA serials preservation program ; ATLA film S0012E).</subfield><subfield code="n">Reel 100 includes some issues of Christian advocate (Cincinnati, Ohio).</subfield></datafield><datafield ind1="2" ind2="0" tag="610"><subfield code="a">Methodist Episcopal Church</subfield><subfield code="v">Newspapers.</subfield></datafield><datafield ind1=" " ind2="0" tag="650"><subfield code="a">Methodist Church</subfield><subfield code="z">United States</subfield><subfield code="v">Newspapers.</subfield></datafield><datafield ind1=" " ind2="0" tag="651"><subfield code="a">New York (N.Y.)</subfield><subfield code="v">Newspapers.</subfield></datafield><datafield ind1="2" ind2="7" tag="610"><subfield code="a">Methodist Episcopal Church.</subfield><subfield code="2">fast</subfield><subfield code="0">(OCoLC)fst00541689</subfield></datafield><datafield ind1=" " ind2="7" tag="650"><subfield code="a">Methodist Church.</subfield><subfield code="2">fast</subfield><subfield code="0">(OCoLC)fst01018643</subfield></datafield><datafield ind1=" " ind2="7" tag="651"><subfield code="a">New York (State)</subfield><subfield code="z">New York.</subfield><subfield code="2">fast</subfield><subfield code="0">(OCoLC)fst01204333</subfield></datafield><datafield ind1=" " ind2="7" tag="651"><subfield code="a">United States.</subfield><subfield code="2">fast</subfield><subfield code="0">(OCoLC)fst01204155</subfield></datafield><datafield ind1=" " ind2="7" tag="655"><subfield code="a">Newspapers.</subfield><subfield code="2">fast</subfield><subfield code="0">(OCoLC)fst01423814</subfield></datafield><datafield ind1="2" ind2=" " tag="710"><subfield code="a">Methodist Episcopal Church.</subfield></datafield><datafield ind1=" " ind2=" " tag="752"><subfield code="a">United States</subfield><subfield code="b">New York</subfield><subfield code="c">New York</subfield><subfield code="d">New York.</subfield></datafield><datafield ind1="1" ind2=" " tag="776"><subfield code="c">Original</subfield><subfield code="x">2157-569X</subfield><subfield code="w">(DLC)sn 97066043</subfield><subfield code="w">(OCoLC)6674468</subfield></datafield><datafield ind1="0" ind2="0" tag="780"><subfield code="t">Christian advocate and journal (New York, N.Y. : 1833)</subfield><subfield code="w">(DLC)sn 77020343</subfield><subfield code="w">(OCoLC)8881943</subfield></datafield><datafield ind1="0" ind2="5" tag="780"><subfield code="t">Methodist (New York, N.Y.)</subfield><subfield code="g">1882</subfield></datafield><datafield ind1="0" ind2="5" tag="780"><subfield code="t">Methodist times (Philadelphia, Pa.)</subfield></datafield><datafield ind1="0" ind2="5" tag="780"><subfield code="t">Northern Christian advocate</subfield><subfield code="g">1917</subfield></datafield><datafield ind1="0" ind2="5" tag="780"><subfield code="t">Washington Christian advocate</subfield></datafield><datafield ind1="0" ind2="5" tag="780"><subfield code="t">Christian advocate (New York, N.Y. : 1932)</subfield><subfield code="w">(DLC)   00221256</subfield><subfield code="w">(OCoLC)8098182</subfield></datafield><datafield ind1="0" ind2="0" tag="785"><subfield code="t">Christian advocate (Cincinnati, Ohio)</subfield><subfield code="w">(DLC)   00221082</subfield><subfield code="w">(OCoLC)9210001</subfield></datafield><datafield ind1=" " ind2="0" tag="830"><subfield code="a">ATLA serials preservation program ;</subfield><subfield code="v">ATLA film S0012E.</subfield></datafield><datafield ind1="1" ind2=" " tag="029"><subfield code="a">AU@</subfield><subfield code="b">000020739331</subfield></datafield></record>